@misc{cppr,
	title = {C++ Reference},
	howpublished = {\url{http://cppreference.com}}
}

@misc{cppguidelines,
	title = {C++ Core Guidelines},
	howpublished = {\url{https://github.com/isocpp/CppCoreGuidelines}}
}

@misc{cppcon,
  title = {cppcon: The C++ Conference},
  howpublished = {\url{http://cppcon.org}}
}

@book{meyers2014effective,
  title={Effective Modern C++},
  author={Meyers, S.},
  isbn={9781491908433},
  year={2014},
  publisher={O'Reilly Media}
}
