@book{cppdesign,
	author = {Alexandrescu, A.},
	title = {Modern C++ design},
	year = {2001},
	publisher = {Addison-Wesley},
	isbn = {9780201704310}
}

@book{metaprog,
	author = {Abrahams, D. and Gurtovoy, A.},
	title = {C++ Template Metaprogramming: Concepts, Tools, and Techniques from Boost and Beyond},
	year = {2004},
	publisher = {Pearson Education},
	isbn = {9780321623911}
}

@misc{cppr,
	title = {C++ Reference},
	howpublished = {\url{http://cppreference.com}}
}

@misc{boost,
	title = {Boost C++ library},
	howpublished = {\url{http://www.boost.org}}
}
