@book{patterns,
	author = {Gamma, E. and Helm, R. and Johnson, R. and Vlissides, J.},
	title = {Design Patterns: Elements of Reusable Object-Oriented Software},
	year = {1994},
	publisher = {Pearson Education},
	isbn = {9780321700698}
}

@book{ecpp,
	author = {Meyers, S.},
	title = {Effective C++: 55 Specific Ways to Improve Your Programs and Designs},
	year = {2005},
	publisher = {Pearson Education},
	isbn = {9780132702065}
}

@book{mecpp,
	author = {Meyers, S.},
	title = {More Effective C++: 35 New Ways to Improve Your Programs and Designs},
	year = {1995},
	publisher = {Pearson Education},
	isbn = {9780132797474}
}

@misc{cppr,
	title = {C++ Reference},
	howpublished = {\url{http://cppreference.com}}
}

@misc{boost,
	title = {Boost C++ library},
	howpublished = {\url{http://www.boost.org}}
}

@misc{gotw89,
  author = {Sutter, H.},
  title = {GotW \#89 Solution: Smart Pointers},
  howpublished = {http://herbsutter.com/2013/05/29/gotw-89-solution-smart-pointers/}
}
