@unpublished{exprtempl,
  title = {Expression templates - Past, Present, Future},
  author = {Joel Falcou},
  note = {CppCon 2015}
}

@unpublished{constexprall,
  title = {constexpr ALL the things},
  author = {Ben Deane and Jason Turner},
  note = {CppCon 2017}
}

@misc{fluentcpp,
	title = {Fluent \{C++\}},
  author = {Jonathan Boccara},
	howpublished = {\url{https://www.fluentcpp.com/}}
}

@misc{simplifycpp,
	title = {Simplify C++},
  author = {Arne Mertz},
	howpublished = {\url{https://arne-mertz.de}}
}
