@misc{cppr,
	title = {C++ Reference},
	howpublished = {\url{http://cppreference.com}}
}

@misc{cppstandard,
	title = {The C++ standard draft},
	howpublished = {\url{https://github.com/cplusplus/draft/tree/f68ca58}}
}

@unpublished{templatenormalprog,
  title = {Template normal programming},
  author = {Arthur O'Dwyer},
  note = {{\itshape{}CppCon 2016}}
}

@book{meyers2014effective,
  title={Effective Modern C++},
  author={Meyers, S.},
  isbn={9781491908433},
  year={2014},
  publisher={{\itshape{}O'Reilly Media}}
}
