@article{Creutz:1978ub,
	author         = "Creutz, Michael",
	title          = "{On Invariant Integration Over SU(N)}",
	journal        = "J.Math.Phys.",
	volume         = "19",
	pages          = "2043",
	doi            = "10.1063/1.523581",
	year           = "1978",
}

@article{Creutz:1977yy,
      author         = "Creutz, Michael",
      title          = "{Feynman Rules for Lattice Gauge Theory}",
      journal        = "Rev.Mod.Phys.",
      volume         = "50",
      pages          = "561",
      doi            = "10.1103/RevModPhys.50.561",
      year           = "1978",
}

@article{Eriksson:1980rq,
      author         = "Eriksson, K.E. and Svartholm, N. and Skagerstam, B.S.",
      title          = "{On Invariant Group Integrals in Lattice {QCD}}",
      journal        = "J.Math.Phys.",
      volume         = "22",
      pages          = "2276",
      doi            = "10.1063/1.524760",
      year           = "1981",
}
